<record><leader>00000cas a22000007a 4500</leader><controlfield tag="001">14232133</controlfield><controlfield tag="008">860918d198219uuwiuwr ne      0    0eng d</controlfield><datafield ind1=" " ind2=" " tag="010"><subfield code="a">sn 86086693 </subfield></datafield><datafield ind1=" " ind2=" " tag="040"><subfield code="a">NPV</subfield><subfield code="b">eng</subfield><subfield code="c">NPV</subfield><subfield code="d">OCLCQ</subfield></datafield><datafield ind1=" " ind2=" " tag="042"><subfield code="a">msc</subfield></datafield><datafield ind1="0" ind2="0" tag="245"><subfield code="a">Namekagon news.</subfield></datafield><datafield ind1="1" ind2="3" tag="246"><subfield code="a">Paper</subfield></datafield><datafield ind1=" " ind2=" " tag="260"><subfield code="a">Minong, Wis. :</subfield><subfield code="b">J.M. Sohlden,</subfield><subfield code="c">1982-</subfield></datafield><datafield ind1=" " ind2=" " tag="300"><subfield code="a">v. :</subfield><subfield code="b">ill.</subfield></datafield><datafield ind1=" " ind2=" " tag="310"><subfield code="a">Weekly</subfield></datafield><datafield ind1="0" ind2=" " tag="362"><subfield code="a">Vol. 1, no. 1 (Aug. 24, 1982)-</subfield></datafield><datafield ind1=" " ind2=" " tag="500"><subfield code="a">Added masthead: The Paper, Vol. 3, no. 38 (Aug. 24, 1982)-</subfield></datafield><datafield ind1=" " ind2=" " tag="752"><subfield code="a">United States</subfield><subfield code="b">Wisconsin</subfield><subfield code="c">Washburn</subfield><subfield code="d">Minong.</subfield></datafield><datafield ind1="0" ind2="0" tag="780"><subfield code="t">Riverway echo</subfield><subfield code="w">(DLC)sn 86086690</subfield></datafield></record>